<?xml version="1.0" encoding="UTF-8"?><collection xmlns="http://www.loc.gov/MARC21/slim"><record><leader>00333nam--2200133-i-4500</leader><controlfield tag="001">000023560</controlfield><controlfield tag="002">20161230</controlfield><controlfield tag="005">20161230201035</controlfield><controlfield tag="008">060222s1000------------r-----000-0-eng-d</controlfield><datafield ind1=" " ind2=" " tag="080"><subfield code="a">541.1:530.145.6</subfield></datafield><datafield ind1=" " ind2=" " tag="100"><subfield code="a">Hedvig, Peter</subfield></datafield><datafield ind1=" " ind2=" " tag="245"><subfield code="a">Experimental quantum chemistry</subfield></datafield><datafield ind1=" " ind2=" " tag="260"><subfield code="a">New York, Academic Press, 1975, 533p</subfield></datafield><datafield ind1=" " ind2=" " tag="852"><subfield code="a">43070</subfield></datafield></record></collection>